%% LaTeX2e file `main.bib'
%% generated by the `filecontents' environment
%% from source `main' on 2023/11/28.
%%
@book{book,
author  = "Arnold Author",
title   = "Book title",
year    = "2012"
}
