@misc{notas-aula-IMCEDO,
  author        = {Yuri Dumaresq Sobral},
  title         = {Notas de aula do curso de Introdução a Métodos Computacionais 
                    em Equações Diferenciais Diferenciais Ordinárias},
  month         = {Fevereiro},
  year          = {2023}
}

@book{Sturm-Liouville,
  title={Sturm-Liouville Problems: Theory and Numerical Implementation},
  author={Guenther, R.B. and Lee, J.W.},
  isbn={9781138345430},
  lccn={2018035973},
  series={Chapman and Hall/CRC Monographs and Research Notes in Mathematics Series},
  url={https://books.google.com.br/books?id=c7LItwEACAAJ},
  year={2018},
  publisher={CRC Press}
}

@book{iserles2008,
    place={Cambridge},
    edition={2},
    series={Cambridge Texts in Applied Mathematics},
    title={A First Course in the Numerical Analysis of Differential Equations}, 
    DOI={10.1017/CBO9780511995569},
    publisher={Cambridge University Press},
    author={Iserles, Arieh},
    year={2008},
    collection={Cambridge Texts in Applied Mathematics}
}